@MISC{wa_presentation,
      author = {N. Kinnaird},
      title = {Vertical Waist and Fast Rotation in the Ratio Method},
      howpublished = {Muon g-2 DocDB 19210},
      year = {2019}
}

@MISC{cbofrequency,
      author = {J. Mott and A. Fienberg and T. Halewood-Leagas and J. Price},
      title = {CBO Frequency Change},
      howpublished = {Muon g-2 DocDB 14208},
      year = {2018}
}

@MISC{60hReport,
      author = {N. Kinnaird},
      title = {Analysis Note for 60H Dataset Relative Unblinding},
      howpublished = {Muon \gmtwo Note 172 DocDB 16270},
      year = {2019}
}
